@article{CKR_Decomposition,
  author  = {Calinescu, Gruia and Karloff, Howard and Rabani, Yuval},
  title   = {Approximation Algorithms for the 0-Extension Problem},
  journal = {SIAM Journal on Computing},
  volume  = {34},
  number  = {2},
  pages   = {358-372},
  year    = {2005},
  doi     = {10.1137/S0097539701395978},
  url     = {https://doi.org/10.1137/S0097539701395978}
}

@misc{mendel2009fastckrpartitionssparse,
  title         = {Fast C-K-R Partitions of Sparse Graphs},
  author        = {Manor Mendel and Chaya Schwob},
  year          = {2009},
  eprint        = {0809.1902},
  archiveprefix = {arXiv},
  primaryclass  = {cs.DS},
  url           = {https://arxiv.org/abs/0809.1902}
}

@inproceedings{FRT_Approximation,
  author    = {Fakcharoenphol, Jittat and Rao, Satish and Talwar, Kunal},
  title     = {A tight bound on approximating arbitrary metrics by tree metrics},
  year      = {2003},
  isbn      = {1581136749},
  url       = {https://doi.org/10.1145/780542.780608},
  doi       = {10.1145/780542.780608},
  booktitle = {Proceedings of the Thirty-Fifth Annual ACM Symposium on Theory of Computing},
  pages     = {448â€“455}
}